@book{Bruns2022,
  title     = {Determinants, Gr\"{o}bner Bases and Cohomology},
  author    = {Winfried Bruns and Aldo Conca and Claudiu Raicu and Matteo Varbaro},
  series    = {Springer Monographs in Mathematics},
  edition   = {1},
  publisher = {Springer Cham},
  year      = {2022},
  doi       = {10.1007/978-3-031-05480-8},
  isbn      = {978-3-031-05479-2},
  eisbn     = {978-3-031-05480-8},
  url       = {https://doi.org/10.1007/978-3-031-05480-8},
  note      = {Published: 03 December 2022. Series ISSN: 1439-7382, Series E-ISSN: 2196-9922. Copyright: Springer Nature Switzerland},
}

@book{Cox2025,
  title     = {Ideals, Varieties, and Algorithms: An Introduction to Computational Algebraic Geometry and Commutative Algebra},
  author    = {David A. Cox and John Little and Donal O'Shea},
  series    = {Undergraduate Texts in Mathematics},
  edition   = {5},
  publisher = {Springer Cham},
  year      = {2025},
  doi       = {10.1007/978-3-031-91841-4},
  isbn      = {978-3-031-91840-7},
  eisbn     = {978-3-031-91841-4},
  url       = {https://doi.org/10.1007/978-3-031-91841-4},
}

@book{yukie2011,
  author    = {Akihiko Yukie},
  title     = {},
  publisher = {日本評論社},
  address   = {東京, Japan},
  year      = {2011},
  month     = {3},
  isbn      = {9784535786615},
  note      = {In Japanese},
}

@misc{stacks-project0EKB,
  author       = {The {Stacks project authors}},
  title        = {The Stacks project, Tag 0EKB},
  howpublished = {\url{https://stacks.math.columbia.edu/tag/0EKB}},
  year         = {2025},
}

@book{Herzog2011,
  author    = {J{\"u}rgen Herzog and Takayuki Hibi},
  title     = {Monomial Ideals},
  publisher = {Springer Verlag},
  address   = {London, United Kingdom},
  year      = {2011},
  series    = {Graduate Texts in Mathematics},
  volume    = {260},
  isbn      = {978-0-85729-105-9},
  note      = {In English and Japanese. Topics: Ideals (Algebra), Commutative algebra, Combinatorial analysis},
}
